@BOOK{bib:reliability,
  author = {Birolini, Alessandro},
  year={2014},
  title = {Reliability Engineering},
  subtitle = {Theory and Practice},
  edition = {Seventh edition},
  location = {Tuscany, Italy},
  publisher = {Springer},
  isbn =  {978-3-642-39535-2},
  hyphenation={english}
}
@BOOK{bib:practicallb,
  author = {Membrey, Peter},
  title = {Practical load balancing : ride the performance tiger},
  publisher = {Apress Distributed to the Book trade worldwide by Springer},
  year = {2012},
  address = {Berkeley, CA New York},
  isbn = {9781430236818}
}
@BOOK{bib:slb,
  author = {Bourke, Tony},
  title = {Server load balancing},
  publisher = {O'Reilly},
  year = {2001},
  address = {Sebastopol, CA},
  isbn = {0596000502}
}
@online{bib:nginxlb,
  author = {NGINX},
  title = {NGINX Load Balancing - HTTP and TCP Load Balancer},
  year = 2017,
  url = {https://www.nginx.com/resources/admin-guide/load-balancer/},
  urldate = {2018-02-10}
}
@online{bib:modcluster,
  author = {JBoss.org},
  title = {About mod\_cluster},
  year = 2017,
  url = {http://modcluster.io},
  urldate = {2018-02-10}
}
